@online{Assemblersprache,
	url={https://de.wikipedia.org/wiki/Assemblersprache},
	urldate={2018-06-14}
}

@online{8051,
	url={https://www.mikrocontroller.net/articles/8051},
	urldate={2018-06-14}
}

@online{Befehlssatz,
	url={https://moodle.dhbw.de/pluginfile.php/7731/mod_resource/content/0/FOSA--8051-Lokal-V31-5-05.pdf},
	urldate={2018-06-14}
}


